
@book{mccain_understanding_2022,
	address = {Cambridge},
	series = {Understanding {Life}},
	title = {Understanding: {How} {Science} {Explains} the {World}},
	publisher = {Cambridge University Press},
	author = {McCain, Kevin},
	year = {2022},
	doi = {10.1017/9781108997027},
}
