% Encoding: UTF-8

@Article{Chakravartty2001,
  author    = {Anjan Chakravartty},
  journal   = {Synthese},
  title     = {The Semantic or Model-Theoretic View of Theories and Scientific Realism},
  year      = {2001},
  number    = {3},
  pages     = {325--345},
  volume    = {127},
  doi       = {10.1023/a:1010359521312},
  publisher = {Springer Science and Business Media {LLC}},
}

@Article{Pincock2021,
  author    = {Christopher Pincock},
  journal   = {Erkenntnis},
  title     = {A Defense of Truth as a Necessary Condition on Scientific Explanation},
  year      = {2021},
  month     = jan,
  doi       = {10.1007/s10670-020-00371-9},
  publisher = {Springer Science and Business Media {LLC}},
}

@Book{Walton1990,
  author    = {Walton, Kendall},
  publisher = {Harvard University Press},
  title     = {Mimesis as Make-Believe : On the Foundations of the Representational Arts},
  year      = {1990},
  address   = {Cambridge, Mass},
  isbn      = {9780674576032},
}

@Book{Toon2012,
  author    = {Toon, Adam},
  publisher = {Palgrave Macmillan},
  title     = {Models as Make-Believe},
  year      = {2012},
  month     = jan,
  pagetotal = {148},
}

@Book{Frigg2020,
  author    = {Roman Frigg and James Nguyen},
  publisher = {Springer International Publishing},
  title     = {Modelling Nature: An Opinionated Introduction to Scientific Representation},
  year      = {2020},
  isbn      = {3030451526},
  month     = sep,
  ean       = {9783030451523},
  pagetotal = {260},
}

@Article{Frigg2009,
  author    = {Roman Frigg},
  title     = {Models and fiction},
  journal   = {Synthese},
  year      = {2009},
  volume    = {172},
  number    = {2},
  month     = {mar},
  pages     = {251--268},
  doi       = {10.1007/s11229-009-9505-0},
  publisher = {Springer Nature},
}

@Article{Frigg2016,
  author    = {Roman Frigg and James Nguyen},
  title     = {The Fiction View of Models Reloaded},
  doi       = {10.1093/monist/onw002},
  number    = {3},
  pages     = {225--242},
  volume    = {99},
  journal   = {The Monist},
  month     = {jul},
  publisher = {Oxford University Press ({OUP})},
  year      = {2016},
}

@Book{Vaihinger1911eng,
  author    = {Vaihinger, Hans},
  publisher = {Martino Fine Books},
  title     = {The Philosophy of 'as If '},
  year      = {1911/1924},
  edition   = {2009},
  isbn      = {157898825X},
  date      = {1911},
  ean       = {9781578988259},
  pagetotal = {420},
}

@Book{Hacking1983,
  author    = {Ian Hacking},
  publisher = {Cambridge University Press},
  title     = {Representing and Intervening},
  year      = {1983},
  month     = oct,
  doi       = {10.1017/cbo9780511814563},
}

@Book{Elgin2017,
  author    = {Catherine Z. Elgin},
  publisher = {MIT Press Ltd},
  title     = {True Enough},
  year      = {2017},
  isbn      = {0262036533},
  ean       = {9780262036535},
  pagetotal = {352},
}

@Article{Nawar2019,
  author    = {Tamer Nawar},
  journal   = {Synthese},
  title     = {Veritism refuted? Understanding, idealization, and the facts},
  year      = {2019},
  month     = oct,
  number    = {5},
  pages     = {4295--4313},
  volume    = {198},
  doi       = {10.1007/s11229-019-02342-2},
  publisher = {Springer Science and Business Media {LLC}},
}

@Article{Sullivan2019,
  author    = {Emily Sullivan and Kareem Khalifa},
  journal   = {Australasian Journal of Philosophy},
  title     = {Idealizations and Understanding: Much Ado About Nothing?},
  year      = {2019},
  month     = jan,
  number    = {4},
  pages     = {673--689},
  volume    = {97},
  doi       = {10.1080/00048402.2018.1564337},
  publisher = {Informa {UK} Limited},
}

@Article{Lawler2019,
  author    = {Insa Lawler},
  journal   = {Synthese},
  title     = {Scientific understanding and felicitous legitimate falsehoods},
  year      = {2019},
  month     = dec,
  number    = {7},
  pages     = {6859--6887},
  volume    = {198},
  doi       = {10.1007/s11229-019-02495-0},
  publisher = {Springer Science and Business Media {LLC}},
}

@Article{Bokulich2016,
  author    = {Alisa Bokulich},
  title     = {Fiction As a Vehicle for Truth: Moving Beyond the Ontic Conception},
  doi       = {10.1093/monist/onw004},
  number    = {3},
  pages     = {260--279},
  volume    = {99},
  journal   = {The Monist},
  month     = {jul},
  publisher = {Oxford University Press ({OUP})},
  year      = {2016},
}

@Article{Bokulich2012,
  author    = {Alisa Bokulich},
  journal   = {Philosophy of Science},
  title     = {Distinguishing Explanatory from Nonexplanatory Fictions},
  year      = {2012},
  month     = dec,
  number    = {5},
  pages     = {725--737},
  volume    = {79},
  doi       = {10.1086/667991},
  publisher = {Cambridge University Press ({CUP})},
}

@Book{Potochnik2017,
  author    = {Potochnik, Angela},
  publisher = {University of Chicago Press},
  title     = {Idealization and the Aims of Science},
  year      = {2017},
  isbn      = {022650705X},
  month     = nov,
  ean       = {9780226507057},
  pagetotal = {288},
}

@Article{Winsberg2006,
  author    = {Eric Winsberg},
  journal   = {Synthese},
  title     = {Models of Success Versus the Success of Models: Reliability without Truth},
  year      = {2006},
  month     = sep,
  number    = {1},
  pages     = {1--19},
  volume    = {152},
  doi       = {10.1007/s11229-004-5404-6},
  publisher = {Springer Science and Business Media {LLC}},
}

@Article{VerreaultJulien2019,
  author    = {Philippe Verreault-Julien},
  journal   = {Studies in History and Philosophy of Science Part A},
  title     = {How could models possibly provide how-possibly explanations?},
  year      = {2019},
  month     = feb,
  pages     = {22--33},
  volume    = {73},
  doi       = {10.1016/j.shpsa.2018.06.008},
  publisher = {Elsevier {BV}},
}

@Article{Sugden2013,
  author    = {Robert Sugden},
  journal   = {Journal of Economic Methodology},
  title     = {How fictional accounts can explain},
  year      = {2013},
  month     = sep,
  number    = {3},
  pages     = {237--243},
  volume    = {20},
  doi       = {10.1080/1350178x.2013.828872},
  publisher = {Informa {UK} Limited},
}

@Article{Sugden2000,
  author    = {Robert Sugden},
  journal   = {Journal of Economic Methodology},
  title     = {Credible worlds: the status of theoretical models in economics},
  year      = {2000},
  month     = {jan},
  number    = {1},
  pages     = {1--31},
  volume    = {7},
  doi       = {10.1080/135017800362220},
  publisher = {Informa {UK} Limited},
}

@article{author2021,
	title = {Induction et loi naturelle chez {Mill}},
	volume = {55},
	issn = {1283-7091},
	shorttitle = {Induction et loi naturelle chez {Mill}},
	url = {https://www.cairn.info/revue-le-philosophoire-2021-1-page-205.htm?ref=doi},
	doi = {10.3917/phoir.055.0205},
	abstract = {Le Système de Logique (1843) de John Stuart Mill est souvent considéré comme une œuvre défendant une épistémologie inductiviste. Dans cet article, je me propose de questionner ce statut en me penchant sur la définition de l’induction qui est proposée dans l’ouvrage. Je montre que l’inductivisme de Mill induit une méthodologie de la recherche scientifique dans laquelle les raisonnements déductifs sont aussi, sinon plus, importants que les méthodes inductives, de sorte que l’opposition entre induction et déduction se transforme en complémentarité. Je montre ensuite comment les concepts de loi naturelle et de causalité émergent de ces discussions et j’examine dans quelle mesure les méthodes proposées par Mill peuvent rendre compte des découvertes scientifiques ultérieures.},
	number = {1},
	urldate = {2023-11-05},
	journal = {Le Philosophoire},
	author = {Brandelet, Antoine},
	month = mar,
	year = {2021},
	pages = {205--224},
}

@Book{Mill1843eng,
  author    = {John Stuart Mill},
  publisher = {Cambridge University Press},
  title     = {A System of Logic, Ratiocinative and Inductive},
  year      = {1843 / 2011},
  doi       = {10.1017/cbo9781139149839},
}

@Article{Walton1978,
  author    = {Kendall Walton},
  journal   = {The Journal of Philosophy},
  title     = {Fearing Fictions},
  year      = {1978},
  month     = {jan},
  number    = {1},
  pages     = {5--27},
  volume    = {75},
  doi       = {10.2307/2025831},
  publisher = {Philosophy Documentation Center},
}

@Article{Brandelet2021,
  author  = {Antoine Brandelet},
  journal = {Le Philosophoire},
  title   = {Induction et loi naturelle chez Mill},
  year    = {2021},
  month   = mar,
  number  = {1},
  pages   = {205--224},
  volume  = {55},
  doi     = {10.3917/phoir.055.0205},
}

@Article{Craver2019,
  author    = {Carl F Craver},
  journal   = {The Monist},
  title     = {Idealization and the Ontic Conception: A Reply to Bokulich},
  year      = {2019},
  month     = sep,
  number    = {4},
  pages     = {525--530},
  volume    = {102},
  doi       = {10.1093/monist/onz023},
  publisher = {Oxford University Press ({OUP})},
}

@InCollection{Craver2014,
  author    = {Carl F. Craver},
  booktitle = {Explanation in the Special Sciences},
  publisher = {Springer Netherlands},
  title     = {The Ontic Account of Scientific Explanation},
  year      = {2013},
  month     = oct,
  pages     = {27--52},
  doi       = {10.1007/978-94-007-7563-3_2},
}

@Book{Craver2007,
  author    = {Craver, Carl F.},
  publisher = {Oxford University Press, USA},
  title     = {Explaining the Brain},
  year      = {2007},
  pages     = {272},
}

@Article{Currie2016,
  author    = {Gregory Currie},
  title     = {Models As Fictions, Fictions As Models},
  doi       = {10.1093/monist/onw006},
  number    = {3},
  pages     = {296--310},
  volume    = {99},
  journal   = {The Monist},
  month     = {jul},
  publisher = {Oxford University Press ({OUP})},
  year      = {2016},
}

@Article{Bokulich2018,
  author    = {Alisa Bokulich},
  journal   = {Philosophy of Science},
  title     = {Representing and Explaining: The Eikonic Conception of Scientific Explanation},
  year      = {2018},
  month     = dec,
  number    = {5},
  pages     = {793--805},
  volume    = {85},
  doi       = {10.1086/699693},
  publisher = {Cambridge University Press ({CUP})},
}

@Article{Wright2015,
  author    = {Cory Wright},
  journal   = {Studies in History and Philosophy of Science Part A},
  title     = {The ontic conception of scientific explanation},
  year      = {2015},
  month     = dec,
  pages     = {20--30},
  volume    = {54},
  doi       = {10.1016/j.shpsa.2015.06.001},
  publisher = {Elsevier {BV}},
}

@Comment{jabref-meta: databaseType:bibtex;}
