
@book{cassini_models_2021,
	address = {Cham},
	series = {Logic, {Epistemology}, and the {Unity} of {Science}},
	title = {Models and {Idealizations} in {Science}: {Artifactual} and {Fictional} {Approaches}},
	volume = {50},
	isbn = {978-3-030-65801-4 978-3-030-65802-1},
	shorttitle = {Models and {Idealizations} in {Science}},
	url = {https://link.springer.com/10.1007/978-3-030-65802-1},
	language = {en},
	urldate = {2023-10-23},
	publisher = {Springer International Publishing},
	editor = {Cassini, Alejandro and Redmond, Juan},
	year = {2021},
	doi = {10.1007/978-3-030-65802-1},
	keywords = {Abstract Objects, An Artifactual Approach to Modeling, Artefacts, artifactualism, Fiction View of Models, Fictional Models, Fictionalism, fictionalism and artifactualism, Idealization and Modeling, Idealizations in Science, Idealized Models, Idealized Representations, Informative Models, Models Building, models function in different sciences, non-representationist views of scientific models, traditional antirealist construals of scientific laws, types of non-representationist views of scientific models},
	file = {Przes≈Çana wersja:/home/pawel/.zotero/zotero/2felkxqq.default/zotero/storage/H9DT7I5F/Cassini i Redmond - 2021 - Models and Idealizations in Science Artifactual a.pdf:application/pdf},
}
